<?xml version="1.0" encoding="UTF-8"?>
<record xmlns="http://www.loc.gov/MARC21/slim">
   <leader>02815cam a2200505 a 4500</leader>
   <controlfield tag="001">863675</controlfield>
   <controlfield tag="003">NjP</controlfield>
   <controlfield tag="005">20190705142256.0</controlfield>
   <controlfield tag="008">940201m19001994le            000 0bara d</controlfield>
   <datafield tag="024" ind1="7" ind2=" ">
      <subfield code="a">princeton_aco004864</subfield>
      <subfield code="2">local</subfield>
   </datafield>
   <datafield ind1=" " ind2=" " tag="040">
      <subfield code="a">NjP</subfield>
      <subfield code="c">PUL</subfield>
      <subfield code="d">PUL</subfield>
   </datafield>
   <datafield ind1=" " ind2=" " tag="035">
      <subfield code="a">(CStRLIN)NJPG94-B5731</subfield>
   </datafield>
   <datafield ind1=" " ind2=" " tag="035">
      <subfield code="9">CAY7367TS</subfield>
   </datafield>
   <datafield ind1=" " ind2=" " tag="035">
      <subfield code="a">(NjP)863675</subfield>
   </datafield>
   <datafield ind1="1" ind2=" " tag="041">
      <subfield code="a">ara</subfield>
      <subfield code="h">per</subfield>
   </datafield>
   <datafield ind1=" " ind2=" " tag="049">
      <subfield code="a">PULL</subfield>
   </datafield>
   <datafield ind1=" " ind2=" " tag="035">
      <subfield code="a">(OCoLC)ocn175698369</subfield>
   </datafield>
   <datafield ind1="0" ind2=" " tag="100">
      <subfield code="6">880-01</subfield>
      <subfield code="a">Aḥmad Sirhindī,</subfield>
      <subfield code="d">1563-1624.</subfield>
      <subfield code="0">http://id.loc.gov/authorities/names/n84074749</subfield>
   </datafield>
   <datafield ind1="1" ind2="0" tag="240">
      <subfield code="a">Selections.</subfield>
      <subfield code="l">Arabic</subfield>
   </datafield>
   <datafield ind1="1" ind2="0" tag="245">
      <subfield code="6">880-02</subfield>
      <subfield code="a">Maktūbāt al-Imām al-Rabbānī /</subfield>
      <subfield code="c">Aḥmad ibn ʻAbd al-Aḥad al-Sirhindī.</subfield>
   </datafield>
   <datafield ind1=" " ind2=" " tag="250">
      <subfield code="6">880-03</subfield>
      <subfield code="a">al-Ṭabʻah 2.</subfield>
   </datafield>
   <datafield ind1=" " ind2=" " tag="260">
      <subfield code="6">880-04</subfield>
      <subfield code="a">Bayrūt :</subfield>
      <subfield code="b">Dār al-Kutub al-ʻIlmīyah,</subfield>
      <subfield code="c">[19--]</subfield>
   </datafield>
   <datafield ind1=" " ind2=" " tag="300">
      <subfield code="a">3 v. in 2 ;</subfield>
      <subfield code="c">30 cm.</subfield>
   </datafield>
   <datafield ind1=" " ind2=" " tag="500">
      <subfield code="a">Cover title.</subfield>
   </datafield>
   <datafield ind1=" " ind2=" " tag="500">
      <subfield code="6">880-05</subfield>
      <subfield code="a">On the margin of v. 1: Kitāb al-raḥmah al-hābiṭah fī taḥqīq al-rābiṭah / li-Ḥusayn al-Dawsarī.</subfield>
   </datafield>
   <datafield ind1=" " ind2=" " tag="500">
      <subfield code="6">880-06</subfield>
      <subfield code="a">On the margin of v. 2: Tarjamat Risālat al-mabdaʼ wa-al-maʻād / lil-Imām al-Rabbānī.</subfield>
   </datafield>
   <datafield ind1=" " ind2=" " tag="500">
      <subfield code="6">880-07</subfield>
      <subfield code="a">On the margin of v. 3: ʻAṭīyat al-Wahhāb al-fāṣilah bayna al-khaṭaʼ wa-al-ṣawāb / li-Muḥammad Bik al-Ūzbakī.</subfield>
   </datafield>
   <datafield ind1=" " ind2="0" tag="650">
      <subfield code="a">Philosophy, Islamic</subfield>
      <subfield code="x">Early works to 1800.</subfield>
   </datafield>
   <datafield ind1=" " ind2="0" tag="650">
      <subfield code="a">Sufism</subfield>
      <subfield code="x">Early works to 1800.</subfield>
      <subfield code="0">http://id.loc.gov/authorities/subjects/sh2008112367</subfield>
   </datafield>
   <datafield ind1="1" ind2="2" tag="700">
      <subfield code="6">880-08</subfield>
      <subfield code="a">Dawsarī, Ḥusayn.</subfield>
      <subfield code="t">Raḥmah al-hābiṭah fī taḥqīq al-rābiṭah.</subfield>
   </datafield>
   <datafield ind1="1" ind2="2" tag="700">
      <subfield code="6">880-09</subfield>
      <subfield code="a">Ūzbakī, Muḥammad.</subfield>
      <subfield code="t">ʻAṭīyat al-Wahhāb al-fāṣilah bayna al-khaṭaʼ wa-al-ṣawāb.</subfield>
   </datafield>
   <datafield ind1="4" ind2=" " tag="856">
      <subfield code="u">http://catalog.hathitrust.org/Record/009033243</subfield>
   </datafield>
   <datafield ind1="0" ind2=" " tag="880">
      <subfield code="6">100-01/r</subfield>
      <subfield code="a">احمد سرهندي،</subfield>
      <subfield code="d">1563-1624.</subfield>
   </datafield>
   <datafield ind1="1" ind2="0" tag="880">
      <subfield code="6">245-02/r</subfield>
      <subfield code="a">مكتوبات الامام الرباني /</subfield>
      <subfield code="c">احمد بن عبد الاحد السرهندي.</subfield>
   </datafield>
   <datafield ind1=" " ind2=" " tag="880">
      <subfield code="6">250-03/r</subfield>
      <subfield code="a">الطبعة 2.</subfield>
   </datafield>
   <datafield ind1=" " ind2=" " tag="880">
      <subfield code="6">260-04/r</subfield>
      <subfield code="a">بيروت :</subfield>
      <subfield code="b">دار الكتب العلمية،</subfield>
      <subfield code="c">[19-]</subfield>
   </datafield>
   <datafield ind1=" " ind2=" " tag="880">
      <subfield code="6">500-05/r</subfield>
      <subfield code="a">On the margin of v. 1: كتاب الرحمة الهابطة في تحقيق الرابطة / لحسين الدوسري.</subfield>
   </datafield>
   <datafield ind1=" " ind2=" " tag="880">
      <subfield code="6">500-06/r</subfield>
      <subfield code="a">On the margin of v. 2: ترجمة رسالة المبدأ والمعاد / للامام الرباني.</subfield>
   </datafield>
   <datafield ind1=" " ind2=" " tag="880">
      <subfield code="6">500-07/r</subfield>
      <subfield code="a">On the margin of v. 3: عطية الوهاب الفاصلة بين الخطأ والصواب / لمحمد بك الاوزبكي.</subfield>
   </datafield>
   <datafield ind1="1" ind2="2" tag="880">
      <subfield code="6">700-08/r</subfield>
      <subfield code="a">دوسري، حسين.</subfield>
      <subfield code="t">رحمة الهابطة في تحقيق الرابطة.</subfield>
   </datafield>
   <datafield ind1="1" ind2="2" tag="880">
      <subfield code="6">700-09/r</subfield>
      <subfield code="a">اوزبكي، محمد.</subfield>
      <subfield code="t">عطية الوهاب الفاصلة بين الخطأ والصواب.</subfield>
   </datafield>
   <datafield ind1=" " ind2=" " tag="998">
      <subfield code="a">04/08/94</subfield>
      <subfield code="s">9114</subfield>
      <subfield code="n">NjP</subfield>
      <subfield code="w">NJPG94B5731</subfield>
      <subfield code="d">02/01/94</subfield>
      <subfield code="c">AAH</subfield>
      <subfield code="b">JEB</subfield>
      <subfield code="i">940408</subfield>
      <subfield code="l">NJPG</subfield>
   </datafield>
   <datafield ind1=" " ind2=" " tag="911">
      <subfield code="a">19940415</subfield>
   </datafield>
   <datafield ind1=" " ind2=" " tag="912">
      <subfield code="a">19940408000000.0</subfield>
   </datafield>
   <datafield ind1=" " ind2=" " tag="994">
      <subfield code="a">C0</subfield>
      <subfield code="b">PUL</subfield>
   </datafield>
   <datafield ind1=" " ind2=" " tag="999">
      <subfield code="a">863675</subfield>
   </datafield>
   <datafield ind1=" " ind2=" " tag="979">
      <subfield code="a">(OCoLC)ocn176357892</subfield>
   </datafield>
   <datafield ind1="8" ind2="0" tag="852">
      <subfield code="0">984912</subfield>
      <subfield code="b">rcppa</subfield>
      <subfield code="t">1</subfield>
      <subfield code="c">Oversize</subfield>
      <subfield code="h">2475.58.361.8q</subfield>
      <subfield code="x">tr fr sy</subfield>
   </datafield>
   <datafield ind1=" " ind2="0" tag="866">
      <subfield code="0">984912</subfield>
      <subfield code="a">Vol. 1-v. 3</subfield>
   </datafield>
   <datafield ind1="8" ind2=" " tag="852">
      <subfield code="0">8684938</subfield>
      <subfield code="b">elf1</subfield>
      <subfield code="h">Electronic Resource</subfield>
   </datafield>
   <datafield ind1=" " ind2=" " tag="959">
      <subfield code="a">2000-06-08 00:00:00 -0400</subfield>
   </datafield>
</record>
